@book{Indurkhya:2010:HNL:1738958,
 author = {Indurkhya, Nitin and Damerau, Fred J.},
 title = {Handbook of Natural Language Processing},
 year = {2010},
 isbn = {1420085921, 9781420085921},
 edition = {2nd},
 publisher = {Chapman \& Hall/CRC},
}

@article{PJA57,
	author = {Jenefer Robinson},
	title = {Expression and Expressiveness in Art},
	journal = {Postgraduate Journal of Aesthetics},
	volume = {4},
	number = {2},
	year = {2007},
	keywords = {},
	url = {http://pjaesthetics.org/index.php/pjaesthetics/article/view/57}
}

@book{juslin2001music,
  title={Music and emotion: Theory and research.},
  author={Juslin, Patrik N and Sloboda, John A},
  year={2001},
  publisher={Oxford University Press}
}



@article{mccraty1998,
	author = {McCraty, Rollin and Barrios-Choplin, B and Atkinson, M and Tomasino, Dana},
	year = {1998},
	month = {02},
	pages = {75-84},
	title = {The effects of different types of music on mood, tension, and mental clarity},
	volume = {4},
	booktitle = {Alternative therapies in health and medicine}
}